<?xml version="1.0" encoding="UTF-8"?><collection xmlns="http://www.loc.gov/MARC21/slim"><record><leader>00457nam--2200169-i-4500</leader><controlfield tag="001">000011868</controlfield><controlfield tag="002">20161230</controlfield><controlfield tag="005">20170210011839</controlfield><controlfield tag="008">060222s1000------------r-----000-0-eng-d</controlfield><datafield ind1=" " ind2=" " tag="100"><subfield code="a">Ioneslcu, M</subfield></datafield><datafield ind1=" " ind2=" " tag="245"><subfield code="a">Progrese in valorificarea deseurilor</subfield></datafield><datafield ind1=" " ind2=" " tag="260"><subfield code="a">Bucuresti</subfield><subfield code="b">Inst.Nat.De Informare Si Document</subfield><subfield code="c">1977</subfield></datafield><datafield ind1=" " ind2=" " tag="300"><subfield code="a">61 p</subfield></datafield><datafield ind1=" " ind2=" " tag="490"><subfield code="a">Progrese In Stiinta Si Tehnologie</subfield></datafield><datafield ind1=" " ind2=" " tag="700"><subfield code="a">Baleanu, E</subfield></datafield><datafield ind1=" " ind2=" " tag="852"><subfield code="a">628.315</subfield></datafield><datafield ind1=" " ind2=" " tag="CAT"><subfield code="a">SYS</subfield><subfield code="c">20170210</subfield><subfield code="h">011839</subfield></datafield></record></collection>